@phdthesis{winograd,
  title={Procedures as a representation for data in a program for understanding natural language},
  author={Winograd, T},
  year={1970},
  school={Ph. D. dissertation, MIT}
}

@article{bos2007spoken,
  title={A spoken language interface with a mobile robot},
  author={Bos, Johan and Oka, Tetsushi},
  journal={Artificial Life and Robotics},
  volume={11},
  number={1},
  pages={42--47},
  year={2007},
  publisher={Springer}
}

@article{artzi2013weakly,
  title={Weakly supervised learning of semantic parsers for mapping instructions to actions},
  author={Artzi, Yoav and Zettlemoyer, Luke},
  journal={Transactions of the Association for Computational Linguistics},
  volume={1},
  pages={49--62},
  year={2013}
}

@inproceedings{matuszek2013learning,
  title={Learning to parse natural language commands to a robot control system},
  author={Matuszek, Cynthia and Herbst, Evan and Zettlemoyer, Luke and Fox, Dieter},
  booktitle={Experimental Robotics},
  pages={403--415},
  year={2013},
  organization={Springer}
}

@inproceedings{chen2015kejia,
  title={KeJia Robot--An Attractive Shopping Mall Guider},
  author={Chen, Yingfeng and Wu, Feng and Shuai, Wei and Wang, Ningyang and Chen, Rongya and Chen, Xiaoping},
  booktitle={International Conference on Social Robotics},
  pages={145--154},
  year={2015},
  organization={Springer}
}

@inproceedings{haasch2004biron,
  title={Biron--the bielefeld robot companion},
  author={Haasch, Axel and Hohenner, Sascha and H{\"u}wel, Sonja and Kleinehagenbrock, Marcus and Lang, Sebastian and Toptsis, Ioannis and Fink, Gernot A and Fritsch, Jannik and Wrede, Britta and Sagerer, Gerhard},
  booktitle={Proc. Int. Workshop on Advances in Service Robotics},
  pages={27--32},
  year={2004},
  organization={Citeseer}
}

@article{macmahon2006walk,
  title={Walk the talk: Connecting language, knowledge, and action in route instructions},
  author={MacMahon, Matt and Stankiewicz, Brian and Kuipers, Benjamin},
  journal={Def},
  volume={2},
  number={6},
  pages={4},
  year={2006}
}

@inproceedings{thomas2011verb,
  title={Verb semantics for robot dialog},
  author={Thomas, Brian and Jenkins, Odest Chadwicke},
  booktitle={Robotics: Science and Systems Workshop on Grounding Human-Robot Dialog for Spatial Tasks, Los Angeles, CA, USA (June 2011)},
  year={2011}
}

@article{lemaignan2012grounding,
  title={Grounding the interaction: Anchoring situated discourse in everyday human-robot interaction},
  author={Lemaignan, S{\'e}verin and Ros, Raquel and Sisbot, E Akin and Alami, Rachid and Beetz, Michael},
  journal={International Journal of Social Robotics},
  volume={4},
  number={2},
  pages={181--199},
  year={2012},
  publisher={Springer}
}

@inproceedings{chen2014intelligent,
  title={The Intelligent Techniques in Robot KeJia--The Champion of RoboCup@ Home 2014},
  author={Chen, Kai and Lu, Dongcai and Chen, Yingfeng and Tang, Keke and Wang, Ningyang and Chen, Xiaoping},
  booktitle={Robot Soccer World Cup},
  pages={130--141},
  year={2014},
  organization={Springer}
}

@inproceedings{forbes2015robot,
  title={Robot programming by demonstration with situated spatial language understanding},
  author={Forbes, Maxwell and Rao, Rajesh PN and Zettlemoyer, Luke and Cakmak, Maya},
  booktitle={2015 IEEE International Conference on Robotics and Automation (ICRA)},
  pages={2014--2020},
  year={2015},
  organization={IEEE}
}

@article{tellex2011understanding,
  title={Understanding natural language commands for robotic navigation and mobile manipulation},
  author={Tellex, Stefanie A and Kollar, Thomas Fleming and Dickerson, Steven R and Walter, Matthew R and Banerjee, Ashis and Teller, Seth and Roy, Nicholas},
  year={2011},
  publisher={AAAI Publications}
}

@inproceedings{kollar2010toward,
  title={Toward understanding natural language directions},
  author={Kollar, Thomas and Tellex, Stefanie and Roy, Deb and Roy, Nicholas},
  booktitle={2010 5th ACM/IEEE International Conference on Human-Robot Interaction (HRI)},
  pages={259--266},
  year={2010},
  organization={IEEE}
}

@inproceedings{bos2003meaningful,
  title={Meaningful conversation with a mobile robot},
  author={Bos, Johan and Klein, Ewan and Oka, Tetsushi},
  booktitle={Proceedings of the tenth conference on European chapter of the Association for Computational Linguistics-Volume 2},
  pages={71--74},
  year={2003},
  organization={Association for Computational Linguistics}
}

@inproceedings{brick2007speech,
  title={Speech and action: Integration of action and language for mobile robots},
  author={Brick, Timothy and Schermerhorn, Paul and Scheutz, Matthias},
  booktitle={2007 IEEE/RSJ International Conference on Intelligent Robots and Systems},
  pages={1423--1428},
  year={2007},
  organization={IEEE}
}

@inproceedings{chen2010developing,
  title={Developing high-level cognitive functions for service robots},
  author={Chen, Xiaoping and Ji, Jianmin and Jiang, Jiehui and Jin, Guoqiang and Wang, Feng and Xie, Jiongkun},
  booktitle={Proceedings of the 9th International Conference on Autonomous Agents and Multiagent Systems: volume 1-Volume 1},
  pages={989--996},
  year={2010},
  organization={International Foundation for Autonomous Agents and Multiagent Systems}
}

@inproceedings{dzifcak2009what,
  title={What to do and how to do it: Translating natural language directives into temporal and dynamic logic representation for goal management and action execution},
  author={Dzifcak, Juraj and Scheutz, Matthias and Baral, Chitta and Schermerhorn, Paul},
  booktitle={Robotics and Automation, 2009. ICRA'09. IEEE International Conference on},
  pages={4163--4168},
  year={2009},
  organization={IEEE}
}

@inproceedings{huang2010natural,
  title={Natural language command of an autonomous micro-air vehicle},
  author={Huang, Albert S and Tellex, Stefanie and Bachrach, Abraham and Kollar, Thomas and Roy, Deb and Roy, Nicholas},
  booktitle={Intelligent Robots and Systems (IROS), 2010 IEEE/RSJ International Conference on},
  pages={2663--2669},
  year={2010},
  organization={IEEE}
}

@article{gervas2009storytelling,
  title={to Storytelling and Creativity},
  author={Gerv{\'a}s, Pablo},
  year={2009}
}

@article{porteous2010applying,
  title={Applying planning to interactive storytelling: Narrative control using state constraints},
  author={Porteous, Julie and Cavazza, Marc and Charles, Fred},
  journal={ACM Transactions on Intelligent Systems and Technology (TIST)},
  volume={1},
  number={2},
  pages={10},
  year={2010},
  publisher={ACM}
}

@article{PDDL,
  title={Plan constraints and preferences in PDDL3},
  author={Gerevini, Alfonso and Long, Derek},
  journal={The Language of the Fifth International Planning Competition. Tech. Rep. Technical Report, Department of Electronics for Automation, University of Brescia, Italy},
  volume={75},
  year={2005}
}

@article{porteous2016plan,
  title={Plan-based Narrative Generation with Coordinated Subplots},
  author={Porteous, Julie and Charles, Fred and Cavazza, Marc},
  year={2016},
  publisher={IOS Press}
}

@inproceedings{allen2010statsmonkey,
  title={StatsMonkey: A Data-Driven Sports Narrative Writer.},
  author={Allen, Nicholas D and Templon, John R and McNally, Patrick Summerhays and Birnbaum, Larry and Hammond, Kristian J},
  booktitle={AAAI Fall Symposium: Computational Models of Narrative},
  year={2010}
}

@article{veloso2008team,
  title={A team of humanoid game commentators},
  author={Veloso, Manuela and Armstrong-Crews, Nicholas and Chernova, Sonia and Crawford, Elisabeth and McMillen, Colin and Roth, Maayan and Vail, Douglas and Zickler, Stefan},
  journal={International Journal of Humanoid Robotics},
  volume={5},
  number={03},
  pages={457--480},
  year={2008},
  publisher={World Scientific}
}

@inproceedings{bohus2014directions,
  title={Directions robot: In-the-wild experiences and lessons learned},
  author={Bohus, Dan and Saw, Chit W and Horvitz, Eric},
  booktitle={Proceedings of the 2014 international conference on Autonomous agents and multi-agent systems},
  pages={637--644},
  year={2014},
  organization={International Foundation for Autonomous Agents and Multiagent Systems}
}

@inproceedings{kollar2013learning,
  title={Learning environmental knowledge from task-based human-robot dialog},
  author={Kollar, Thomas and Perera, Vittorio and Nardi, Daniele and Veloso, Manuela},
  booktitle={Robotics and Automation (ICRA), 2013 IEEE International Conference on},
  pages={4304--4309},
  year={2013},
  organization={IEEE}
}

@article{fillmore1985frames,
  title={Frames and the semantics of understanding},
  author={Fillmore, Charles J},
  journal={Quaderni di semantica},
  volume={6},
  number={2},
  pages={222--254},
  year={1985}
}

@article{perera2015learning,
  title={Learning Task Knowledge from Dialog and Web Access},
  author={Perera, Vittorio and Soetens, Robin and Kollar, Thomas and Samadi, Mehdi and Sun, Yichao and Nardi, Daniele and van de Molengraft, Ren{\'e} and Veloso, Manuela},
  journal={Robotics},
  volume={4},
  number={2},
  pages={223--252},
  year={2015},
  publisher={Multidisciplinary Digital Publishing Institute}
}

@inproceedings{perera2015handling,
  title={Handling complex commands as service robot task requests},
  author={Perera, Vittorio and Veloso, Manuela},
  booktitle={Proceedings of the 24th International Conference on Artificial Intelligence},
  pages={1177--1183},
  year={2015},
  organization={AAAI Press}
}

@article{perera2016dynamic,
  title={Dynamic Generation and Refinement of Robot Verbalization},
  author={Perera, Vittorio and Selveraj, Sai P and Rosenthal, Stephanie and Veloso, Manuela}
  booktitle={IEEE RO-MAN}
  year={2016},
}

@inproceedings{rosenthal2016verbalization,
  title={Verbalization: Narration of autonomous mobile robot experience},
  author={Rosenthal, Stephanie and Selvaraj, Sai P and Veloso, Manuela},
  booktitle={Proceedings of IJCAI},
  volume={16},
  year={2016}
}

@Article(13ijrr-BiswasVeloso,
   Author="Joydeep Biswas and Manuela Veloso",
   title = "{Localization and Navigation of the CoBots over Long-term Deployments}",
  Journal="International Journal of Robotics Research", 
  Year="2013", Volume=32, Number=14, Pages = "1679--1694", Month="December")

@inproceedings{ijcai15-cobots,
        author = "Manuela Veloso and Joydeep Biswas and Brian Coltin
                  and Stephanie Rosenthal",
        title="{CoBots: Robust Symbiotic Autonomous Mobile Service Robots}",
        booktitle ={Proceedings of IJCAI'15, the International Joint Conference
                  on Artificial Intelligence},
        year = {2015}, Month="July", Address="Buenos Aires, Argentina"}

@inproceedings{sarwar2001item,
  title={Item-based collaborative filtering recommendation algorit    hms},         
  author={Sarwar, Badrul and Karypis, George and Konstan, Joseph a    nd Riedl, John},
  booktitle={Proceedings of the 10th international conference on W    orld Wide Web},
  pages={285--295},
  year={2001},
  organization={ACM}
}

@inproceedings{goldberg2010measuring,
  title={Measuring similarity between sets of overlapping clusters    },            
  author={Goldberg, Mark K and Hayvanovych, Mykola and Magdon-Isma    il, Malik},   
  booktitle={Social Computing (SocialCom), 2010 IEEE Second Intern    ational Conference on},
  pages={303--308},
  year={2010},
  organization={IEEE}
}
@phdthesis{biswas2014vector,
  month = { 12 },
  year = { 2014 },
  school = { Carnegie Mellon University },
  organization = { The Robotics Institute },
  type = { PhD Thesis },
  author = { Biswas },
  title = { Vector Map-Based, Non-Markov Localization for Long-Term Deployment of Autonomous Mobile Robots },
}


@inproceedings{perera2017preferences,
        author = "Vittorio Perera and Manuela Veloso",
        title= {Planning Robot Action Under Language-Derived Hard And Soft Constraints},
        booktitle = {27th International Conference on Automated Planning and
            Scheduling $\text{(current submission)}$"}
}

