% paper2
% Short conference names
@string{aaai = "{AAAI}"}
@string{icra = "{ICRA}"}
@string{rss = "{RSS}"}
@string{iros = "{IROS}"}
@string{isrr = "{ISRR}"}
@string{icaps = "{ICAPS}"}
@string{wafr = "{WAFR}"}
@string{iser = "{ISER}"}
@string{ijcai = "{IJCAI}"}
@string{aamas = "{AAMAS}"}

% Short journal names
@string{ijrr = "{IJRR}"}
@string{tra = "{TRA}"}
@string{ral = "{RAL}"}
@string{tra = "{TRA}"} %{IEEE Transactions on Robotics and Automation}
@string{jaamas = "{JAAMAS}"} %Autonomous Agents and Multi-Agent Systems
@string{irc = "{IRC}"} %{International Conference on Robotic Computing (IRC)}
@string{efta = "{EFTA}"} %{IEEE International Conference on Emerging Technologies and Factory Automation (ETFA)}

% START OF BIB ENTRIES 
@inproceedings{ISL19,
  author    = {Fahad Islam and
               Oren Salzman and
               Maxim Likhachev},
  title     = {\href{https://aaai.org/ojs/index.php/ICAPS/article/view/3540}{Provable Indefinite-Horizon Real-Time Planning for Repetitive Tasks}},
  booktitle = icaps,
  pages     = {716--724},
  year      = {2019}
}

@inproceedings{menon2014motion,
  title={\href{https://ieeexplore.ieee.org/document/6906895}{Motion planning for smooth pickup of moving objects}},
  author={Menon, Arjun and Cohen, Benjamin and Likhachev, Maxim},
  booktitle=icra,
  pages={453--460},
  year={2014}
}

@inproceedings{cowley2013perception,
  title={\href{https://ieeexplore.ieee.org/abstract/document/6696445}{Perception and motion planning for pick-and-place of dynamic objects}},
  author={Cowley, Anthony and Cohen, Benjamin and Marshall, William and Taylor, Camillo J and Likhachev, Maxim},
  booktitle=iros,
  pages={816--823},
  year={2013}
}

@inproceedings{PCCL12,
  author    = {Michael Phillips and
               Benjamin J. Cohen and
               Sachin Chitta and
               Maxim Likhachev},
  title     = {\href{http://www.roboticsproceedings.org/rss08/p43.html}{{E}-{G}raphs: Bootstrapping Planning with Experience Graphs}},
  booktitle = rss,
  year      = {2012}
}

@inproceedings{zhang2018gilbreth,
  title={\href{http://ieeexplore.ieee.org/document/8329876/}{Gilbreth: A conveyor-belt based pick-and-sort industrial robotics application}},
  author={Zhang, Yizhe and Li, Lianjun and Ripperger, Michael and Nicho, Jorge and Veeraraghavan, Malathi and Fumagalli, Andrea},
  booktitle=irc,
  pages={17--24},
  year={2018}
}

@inproceedings{stogl2017tracking,
  title={\href{https://ieeexplore.ieee.org/document/8247651}{Tracking, reconstruction and grasping of unknown rotationally symmetrical objects from a conveyor belt}},
  author={Stogl, Denis and Zumkeller, Daniel and Navarro, Stefan Escaida and Heilig, Alexander and Hein, Bj{\"o}rn},
  booktitle=efta,
  pages={1--8},
  year={2017},
  organization={IEEE}
}

@article{allen1993automated,
  title={\href{https://ieeexplore.ieee.org/document/238279}{Automated tracking and grasping of a moving object with a robotic hand-eye system}},
  author={Allen, Peter K and Timcenko, Aleksandar and Yoshimi, Billibon and Michelman, Paul},
  journal=tra,
  volume={9},
  number={2},
  pages={152--165},
  year={1993}
}

@article{han2019toward,
  title={\href{https://ieeexplore.ieee.org/document/8938744}{Toward Fast and Optimal Robotic Pick-and-Place on a Moving Conveyor}},
  author={Han, Shuai D and Feng, Si Wei and Yu, Jingjin},
  journal=ral,
  year={2019}
}

@article{kavraki1996probabilistic,
  title={\href{http://ieeexplore.ieee.org/document/508439}{Probabilistic roadmaps for path planning in high-dimensional configuration spaces}},
  author={Kavraki, Lydia E and Svestka, Petr and Latombe, J-C and Overmars, Mark H},
  journal=ral,
  volume={12},
  number={4},
  pages={566--580},
  year={1996}
}

@article{islam2019planning,
  title={\href{https://arxiv.org/abs/1910.09453}{Planning, Learning and Reasoning Framework for Robot Truck Unloading}},
  author={Islam, Fahad and Vemula, Anirudh and Kim, Sung-Kyun and Dornbush, Andrew and Salzman, Oren and Likhachev, Maxim},
  journal={arXiv:1910.09453},
  year={2019}
}

@inproceedings{BAG12,
  title={\href{https://ieeexplore.ieee.org/document/6224742}{A robot path planning framework that learns from experience}},
  author={  Berenson, Dmitry and 
        Abbeel, Pieter and 
        Goldberg, Ken},
  booktitle=icra,
  pages={3671--3678},
  year={2012}
}

@inproceedings{CSMOC15,
  title={\href{https://ieeexplore.ieee.org/document/7139284}{Experience-based planning with sparse roadmap spanners}},
  author={  Coleman, David and 
        {\c{S}}ucan, Ioan A and 
        Moll, Mark and 
        Okada, Kei and 
        Correll, Nikolaus},
  booktitle=icra,
  pages={900--905},
  year={2015}
}

@article{jetchev2013fast,
  title={\href{https://link.springer.com/article/10.1007/s10514-012-9315-y}{Fast motion planning from experience: trajectory prediction for speeding up movement generation}},
  author={Jetchev, Nikolay and Toussaint, Marc},
  journal=ar,
  volume={34},
  number={1-2},
  pages={111--127},
  year={2013}
}

@article{SSAH14,
  author    = {Oren Salzman and
               Doron Shaharabani and
               Pankaj K. Agarwal and
               Dan Halperin},
  title     = {\href{https://journals.sagepub.com/doi/abs/10.1177/0278364914556517?journalCode=ijra}{Sparsification of motion-planning roadmaps by edge contraction}},
  journal   = ijrr,
  volume    = {33},
  number    = {14},
  pages     = {1711--1725},
  year      = {2014}
}

@article{DB14,
  author    = {Andrew Dobson and
               Kostas E. Bekris},
  title     = {\href{https://journals.sagepub.com/doi/abs/10.1177/0278364913498292}{Sparse roadmap spanners for asymptotically near-optimal motion planning}},
  journal   = ijrr,
  volume    = {33},
  number    = {1},
  pages     = {18--47},
  year      = {2014}
}

@inproceedings{ishida1991moving,
  title={\href{https://www.ijcai.org/Proceedings/91-1/Papers/033.pdf}{Moving Target Search}},
  author={Ishida, Toru and Korf, Richard E},
  booktitle=ijcai,
  volume={91},
  pages={204--210},
  year={1991}
}

@article{ishida1995moving,
  title={\href{https://ieeexplore.ieee.org/document/387507}{Moving-target search: A real-time search for changing goals}},
  author={Ishida, Toru and Korf, Richard E.},
  journal={IEEE Transactions on Pattern Analysis and Machine Intelligence},
  volume={17},
  number={6},
  pages={609--619},
  year={1995}
}

@inproceedings{koenig2007speeding,
  title={\href{https://dl.acm.org/doi/10.1145/1329125.1329353}{Speeding up moving-target search}},
  author={Koenig, Sven and Likhachev, Maxim and Sun, Xiaoxun},
  booktitle=aamas,
  pages={1--8},
  year={2007}
}

@inproceedings{sun2010moving,
  title={\href{http://idm-lab.org/bib/abstracts/papers/aamas10a.pdf}{Moving target {D}* lite}},
  author={Sun, Xiaoxun and Yeoh, William and Koenig, Sven},
  booktitle=aamas,
  pages={67--74},
  year={2010}
}

@inproceedings{CCL10,
  author    = {Benjamin J. Cohen and
               Sachin Chitta and
               Maxim Likhachev},
  title     = {\href{https://ieeexplore.ieee.org/document/5509685}{Search-based planning for manipulation with motion primitives}},
  booktitle = icra,
  pages     = {2902--2908},
  year      = {2010}
}

@inproceedings{CSCL11,
  author    = {Benjamin J. Cohen and
               Gokul Subramania and
               Sachin Chitta and
               Maxim Likhachev},
  title     = {\href{https://ieeexplore.ieee.org/document/5509685}{Planning for Manipulation with Adaptive Motion Primitives}},
  booktitle = icra,
  pages     = {5478--5485},
  year      = {2011}
}


@article{LF09,
  author    = {Maxim Likhachev and
               Dave Ferguson},
  title     = {\href{https://journals.sagepub.com/doi/10.1177/0278364909340445}{Planning Long Dynamically Feasible Maneuvers for Autonomous Vehicles}},
  journal   = ijrr,
  volume    = {28},
  number    = {8},
  pages     = {933--945},
  year      = {2009}
}

@inproceedings{besl1992method,
  title={\href{https://www.spiedigitallibrary.org/conference-proceedings-of-spie/1611/0000/Method-for-registration-of-3-D-shapes/10.1117/12.57955.short?SSO=1}{Method for registration of 3-{D} shapes}},
  author={Besl, Paul J and McKay, Neil D},
  booktitle={Sensor fusion IV: control paradigms and data structures},
  volume={1611},
  pages={586--606},
  year={1992}
}

@inproceedings{KL06,
  author    = {Sven Koenig and
               Maxim Likhachev},
  title     = {\href{https://dl.acm.org/doi/10.1145/1160633.1160682}{Real-time adaptive {A}*}},
  booktitle = aamas,
  pages     = {281--288},
  year      = {2006}
}

@article{KS09,
  author    = {Sven Koenig and
               Xiaoxun Sun},
  title     = {\href{http://idm-lab.org/bib/abstracts/papers/jaamas09.pdf}{Comparing real-time and incremental heuristic search for real-time
               situated agents}},
  journal   = jaamas,
  volume    = {18},
  number    = {3},
  pages     = {313--341},
  year      = {2009}
}

@article{korf1990real,
  title={\href{https://www.sciencedirect.com/science/article/abs/pii/0004370290900544}{Real-time heuristic search}},
  author={Korf, Richard E},
  journal={Artificial intelligence},
  volume={42},
  number={2-3},
  pages={189--211},
  year={1990},
  publisher={Elsevier}
}

@article{JansonIP18,
  author    = {Lucas Janson and
               Brian Ichter and
               Marco Pavone},
  title     = {\href{https://journals.sagepub.com/doi/10.1177/0278364917714338}{Deterministic sampling-based motion planning: Optimality, complexity, and performance}},
  journal   = ijrr,
  volume    = {37},
  number    = {1},
  pages     = {46--61}
}

@article{pohl1970heuristic,
  title={\href{Heuristic search viewed as path finding in a graph}},
  author={Pohl, Ira},
  journal={Artificial intelligence},
  volume={1},
  number={3-4},
  pages={193--204},
  year={1970},
  publisher={Citeseer}
}

@article{lozano1990spatial,
  title={\href{Spatial planning: A configuration space approach}},
  author={Lozano-Perez, Tomas},
  booktitle={Autonomous robot vehicles},
  pages={259--271},
  year={1990},
  publisher={Springer}
}

@inproceedings{reif1979complexity,
  title={\href{Complexity of the mover's problem and generalizations}},
  author={Reif, John H},
  booktitle={20th Annual Symposium on Foundations of Computer Science (sfcs 1979)},
  pages={421--427},
  year={1979},
  organization={IEEE}
}

@book{canny1988complexity,
  title={\href{The complexity of robot motion planning}},
  author={Canny, John},
  year={1988},
  publisher={MIT press}
}

@book{lavalle2006planning,
  title={\href{Planning algorithms}},
  author={LaValle, Steven M},
  year={2006},
  publisher={Cambridge university press}
}

% paper1
% Short conference names
@string{icra = "{IEEE} International Conference on Robotics and Automation ({ICRA})"} 
@string{rss = "Robotics: Science and Systems ({RSS})"}
@string{iros = "{IEEE/RSJ} International Conference on Intelligent Robots and Systems ({IROS})"}
@string{wafr = "{WAFR}"}
@string{ijrr = "{IJRR}"}
@string{tra = "{IEEE} Trans. Robotics and Automation"}
@string{ram = "Robotics \& Automation Magazine"}
@string{ai = "Artificial Intelligence"}
@string{ral = "IEEE Robotics and Automation Letters"}
@string{ar = "Autonomous Robots"}
@string{socs = "Symposium on Combinatorial Search, {SOCS}"}
@string{tase = "IEEE Transactions on Automation Science and Engineering"}

@inproceedings{SSH16,
  author    = {Kiril Solovey and
               Oren Salzman and
               Dan Halperin},
  title     = {\href{http://www.roboticsproceedings.org/rss12/p03.html}{New perspective on sampling-based motion planning via random geometric
               graphs}},
  booktitle = rss,
  year      = {2016}
}

@article{correll2018analysis,
  title={\href{https://ieeexplore.ieee.org/document/7583659}{Analysis and observations from the first amazon picking challenge}},
  author={Correll, Nikolaus and Bekris, Kostas E and Berenson, Dmitry and Brock, Oliver and Causo, Albert and Hauser, Kris and Okada, Kei and Rodriguez, Alberto and Romano, Joseph M and Wurman, Peter R},
  journal=tase,
  volume={15},
  number={1},
  pages={172--188},
  year={2018}
}

@inproceedings{KL00,
  author    = {James J. Kuffner and
               Steven M. LaValle},
  title     = {\href{https://ieeexplore.ieee.org/abstract/document/844730}{{RRT}-Connect: An Efficient Approach to Single-Query Path Planning}},
  booktitle = icra,
  pages     = {995--1001},
  year      = {2000}
}

@article{LK01,
  author    = {Steven M. LaValle and
               James J. Kuffner},
  title     = {Randomized Kinodynamic Planning},
  journal   = ijrr,
  volume    = {20},
  number    = {5},
  pages     = {378--400},
  year      = {2001}
}

@article{SMK12,
  author    = {Ioan A. {\c S}ucan and
               Mark Moll and
               Lydia E. Kavraki},
  title     = {\href{https://ieeexplore.ieee.org/document/6377468}{The Open Motion Planning Library}},
  journal   = ram,
  volume    = {19},
  number    = {4},
  pages     = {72--82},
  year      = {2012}
}

@article{DB14,
  author    = {Andrew Dobson and
               Kostas E. Bekris},
  title     = {\href{https://journals.sagepub.com/doi/abs/10.1177/0278364913498292}{Sparse roadmap spanners for asymptotically near-optimal motion planning}},
  journal   = ijrr,
  volume    = {33},
  number    = {1},
  pages     = {18--47},
  year      = {2014}
}

@article{SSAH14,
  author    = {Oren Salzman and
               Doron Shaharabani and
               Pankaj K. Agarwal and
               Dan Halperin},
  title     = {\href{https://journals.sagepub.com/doi/abs/10.1177/0278364914556517?journalCode=ijra}{Sparsification of motion-planning roadmaps by edge contraction}},
  journal   = ijrr,
  volume    = {33},
  number    = {14},
  pages     = {1711--1725},
  year      = {2014}
}

@inproceedings{CRC03,
  title={\href{https://ieeexplore.ieee.org/abstract/document/1249705}{Composition of local potential functions for global robot control and navigation}},
  author={	Conner, David C. and 
  			Rizzi, Alfred and 
  			Choset, Howie},
  booktitle=iros,
  volume={4},
  pages={3546--3551},
  year={2003}
}

@inproceedings{CCR06,
author = {	David C. Conner and 
			Howie Choset and 
			Alfred Rizzi},
title = {\href{http://www.roboticsproceedings.org/rss02/p08.html}{Integrated Planning and Control for Convex-bodied Nonholonomic systems using Local Feedback Control Policies}},
year = {2006},
ibooktitle= rss,
}

@inproceedings{PDCL13,
  author    = {Mike Phillips and
               Andrew Dornbush and
               Sachin Chitta and
               Maxim Likhachev},
  title     = {\href{https://ieeexplore.ieee.org/abstract/document/6630909}{Anytime incremental planning with {E}-Graphs}},
  booktitle = icra,
  pages     = {2444--2451},
  year      = {2013}
}

@inproceedings{PCCL12,
  author    = {Michael Phillips and
               Benjamin J. Cohen and
               Sachin Chitta and
               Maxim Likhachev},
  title     = {\href{http://www.roboticsproceedings.org/rss08/p43.pdf}{E-Graphs: Bootstrapping Planning with Experience Graphs}},
  booktitle = rss,
  year      = {2012}
}

@inproceedings{BAG12,
  title={\href{https://ieeexplore.ieee.org/document/6224742}{A robot path planning framework that learns from experience}},
  author={	Berenson, Dmitry and 
  			Abbeel, Pieter and 
  			Goldberg, Ken},
  booktitle=icra,
  pages={3671--3678},
  year={2012}
}

@inproceedings{CSMOC15,
  title={\href{https://ieeexplore.ieee.org/document/7139284}{Experience-based planning with sparse roadmap spanners}},
  author={	Coleman, David and 
  			{\c{S}}ucan, Ioan A and 
  			Moll, Mark and 
  			Okada, Kei and 
  			Correll, Nikolaus},
  booktitle=icra,
  pages={900--905},
  year={2015}
}

@inproceedings{KL06,
  title={\href{https://dl.acm.org/citation.cfm?id=1160682}{Real-time adaptive {A}*}},
  author={	Koenig, Sven and 
  			Likhachev, Maxim},
  booktitle={International joint conference on Autonomous agents and multiagent systems},
  pages={281--288},
  year={2006},
  organization={ACM}
}

@article{KS09,
  title={\href{https://link.springer.com/article/10.1007/s10458-008-9061-x}{Comparing real-time and incremental heuristic search for real-time situated agents}},
  author={Koenig, Sven and 
  			Sun, Xiaoxun},
  journal={Autonomous Agents and Multi-Agent Systems},
  volume={18},
  number={3},
  pages={313--341},
  year={2009},
  publisher={Springer}
}

@article{K90,
  title={\href{https://www.sciencedirect.com/science/article/pii/0004370290900544}{Real-time heuristic search}},
  author={Korf, Richard E},
  journal=ai,
  volume={42},
  number={2-3},
  pages={189--211},
  year={1990},
  publisher={Elsevier}
}

@inproceedings{UK17,
  author    = {Tansel Uras and
               Sven Koenig},
  title     = {\href{https://aaai.org/ocs/index.php/SOCS/SOCS17/paper/view/15808}{Feasibility Study: Subgoal Graphs on State Lattices}},
  booktitle = socs,
  pages     = {100--108},
  year      = {2017}
}


@inproceedings{UK18,
  author    = {Tansel Uras and
               Sven Koenig},
  title     = {\href{https://aaai.org/ocs/index.php/SOCS/SOCS18/paper/view/17956}{Fast Near-Optimal Path Planning on State Lattices with Subgoal Graphs}},
  booktitle = socs,
  pages     = {106--114},
  year      = {2018}
}

@inproceedings{paden2017landmark,
  title={\href{https://ieeexplore.ieee.org/stamp/stamp.jsp?tp=&arnumber=8206358&tag=1}{Landmark guided probabilistic roadmap queries}},
  author={Paden, Brian and Nager, Yannik and Frazzoli, Emilio},
  booktitle=iros,
  pages={4828--4834},
  year={2017}
}

@article{YMILV18,
  author    = {Yiming Yang and
               Wolfgang Merkt and
               Vladimir Ivan and
               Zhibin Li and
               Sethu Vijayakumar},
  title     = {\href{https://ieeexplore.ieee.org/stamp/stamp.jsp?arnumber=8110660}{
{HDRM:} {A} Resolution Complete Dynamic Roadmap for Real-Time Motion               Planning in Complex Scenes}},
  journal   = ral,
  volume    = {3},
  number    = {1},
  pages     = {551--558},
  year      = {2018}
}

@inproceedings{berenson2012robot,
  title={\href{https://ieeexplore.ieee.org/document/6224742/}{A robot path planning framework that learns from experience}},
  author={Berenson, Dmitry and Abbeel, Pieter and Goldberg, Ken},
  booktitle=icra,
  pages={3671--3678},
  year={2012}
}

@article{jetchev2013fast,
  title={\href{https://link.springer.com/article/10.1007/s10514-012-9315-y}{Fast motion planning from experience: trajectory prediction for speeding up movement generation}},
  author={Jetchev, Nikolay and Toussaint, Marc},
  journal=ar,
  volume={34},
  number={1-2},
  pages={111--127},
  year={2013},
  publisher={Springer}
}

@inproceedings{MFQSK16,
  author    = {Sean Murray and
               Will Floyd{-}Jones and
               Ying Qi and
               Daniel J. Sorin and
               George Konidaris},
  title     = {\href{http://www.roboticsproceedings.org/rss12/p04.pdf}{Robot Motion Planning on a Chip}},
  booktitle = rss,
  year      = {2016}
}

@ARTICLE{LA18, 
author={Peter Lehner and Alin Albu-Schaffer}, 
journal=ral, 
title={\href{https://ieeexplore.ieee.org/document/8412538/}{The Repetition Roadmap for Repetitive Constrained Motion Planning}}, 
year={2018}, 
volume={}, 
number={}, 
pages={},
note = {to appear}
}

@article{sucan2012open,
  title={\href{http://ieeexplore.ieee.org/stamp/stamp.jsp?tp=&arnumber=6377468}{The open motion planning library}},
  author={\c{S}ucan, Ioan and Moll, Mark and Kavraki, Lydia},
  journal=ram,
  volume={19},
  number={4},
  pages={72--82},
  year={2012}
}


@article{koenig2004lifelong,
  title={\href{https://www.sciencedirect.com/science/article/pii/S000437020300225X}{Lifelong planning {A}*}},
  author={Koenig, Sven and Likhachev, Maxim and Furcy, David},
  journal=ai,
  volume={155},
  number={1-2},
  pages={93--146},
  year={2004},
  publisher={Elsevier}
}


@inproceedings{bohlin2000path,
  title={\href{http://ieeexplore.ieee.org/stamp/stamp.jsp?tp=&arnumber=844107}{Path planning using lazy {PRM}}},
  author={Bohlin, Robert and Kavraki, Lydia},
  booktitle=icra,
  volume={1},
  pages={521--528},
  year={2000}
}

@article{kavraki1996probabilistic,
  title={\href{http://ieeexplore.ieee.org/stamp/stamp.jsp?tp=&arnumber=508439}{Probabilistic roadmaps for path planning in high-dimensional configuration spaces}},
  author={Kavraki, Lydia E and {\v{S}}vestka, Petr and Latombe, Jean-Claude and Overmars, Mark H},
  journal=tra,
  volume={12},
  number={4},
  pages={566--580},
  year={1996}
}

@article{KKL98,
  author    = {Lydia E. Kavraki and
               Mihail N. Kolountzakis and
               Jean{-}Claude Latombe},
  title     = {\href{https://ieeexplore.ieee.org/document/660866/}{Analysis of probabilistic roadmaps for path planning}},
  journal   = tra,
  volume    = {14},
  number    = {1},
  pages     = {166--171},
  year      = {1998}
}

@incollection{HSS17,
  author={Dan Halperin and Oren Salzman and Micha Sharir},
  title={Algorithmic motion planning},
  booktitle={Handbook of Discrete and Computational Geometry, Third Edition},
  pages={1311--1342},
  year={2017},
  publisher={CRC Press},
}

@book{L06,
	author={S. M. LaValle},
	title={\href{http://planning.cs.uiuc.edu/}{Planning Algorithms}},
	publisher={Cambridge University Press},
	year={2006}
}

@article{karaman2011sampling,
  title={\href{https://journals.sagepub.com/doi/abs/10.1177/0278364911406761}{Sampling-based algorithms for optimal motion planning}},
  author={Karaman, Sertac and Frazzoli, Emilio},
  journal={The international journal of robotics research},
  volume={30},
  number={7},
  pages={846--894},
  year={2011},
  publisher={Sage Publications Sage UK: London, England}
}

@article{tedrake2010lqr,
  title={\href{LQR-trees: Feedback motion planning via sums-of-squares verification}},
  author={Tedrake, Russ and Manchester, Ian R and Tobenkin, Mark and Roberts, John W},
  journal={The International Journal of Robotics Research},
  volume={29},
  number={8},
  pages={1038--1052},
  year={2010},
  publisher={SAGE Publications Sage UK: London, England}
}

@article{chazelle1991singly,
  title={A singly exponential stratification scheme for real semi-algebraic varieties and its applications},
  author={Chazelle, Bernard and Edelsbrunner, Herbert and Guibas, Leonidas J and Sharir, Micha},
  journal={Theoretical Computer Science},
  volume={84},
  number={1},
  pages={77--105},
  year={1991},
  publisher={Elsevier}
}




